<collection xmlns="http://www.loc.gov/MARC21/slim">
<record>
  <leader>01339nam0a22002291i 450 </leader>
  <controlfield tag="001">IT\ICCU\CNCE\076180</controlfield>
  <controlfield tag="005">20110810000000.0</controlfield>
  <datafield tag="012" ind1=" " ind2=" ">
    <subfield code="a">a-u- re*, l.i- mogi (3) 1545 (R)</subfield>
    <subfield code="2">fei</subfield>
    <subfield code="9">1</subfield>
  </datafield>
  <datafield tag="012" ind1=" " ind2=" ">
    <subfield code="a">5.5. 6.du uset reCi (C) 1545 (R)</subfield>
    <subfield code="2">fei</subfield>
    <subfield code="9">2</subfield>
  </datafield>
  <datafield tag="100" ind1=" " ind2=" ">
    <subfield code="a">20110810d1545        0itac0103    ba</subfield>
  </datafield>
  <datafield tag="101" ind1=" " ind2=" ">
    <subfield code="a">LAT</subfield>
  </datafield>
  <datafield tag="102" ind1=" " ind2=" ">
    <subfield code="a">IT</subfield>
  </datafield>
  <datafield tag="200" ind1="1" ind2=" ">
    <subfield code="a">℗Bartholo. Socini ... ℗Admiranda commentaria in primam &amp; secundam ff. noui partes, nec non in nonnullos Codicis titulos. Nouissime per dominum Vincentium Godeminum i.v.d. pistorien. summa cum diligentia recognita ... Necnon quamplurimis additionibus ac lecturis eiusdem de nouo repertis aucta ... Addito denique Repertorio, non vt primum solo nomine ...</subfield>
  </datafield>
  <datafield tag="210" ind1=" " ind2=" ">
    <subfield code="a">Venetiis</subfield>
    <subfield code="c">\Societa della corona!</subfield>
    <subfield code="d">1545</subfield>
  </datafield>
  <datafield tag="215" ind1=" " ind2=" ">
    <subfield code="a">2 pt. (156, 81, \1!</subfield>
    <subfield code="d">\86! c.)</subfield>
    <subfield code="d">fol</subfield>
  </datafield>
  <datafield tag="300" ind1=" " ind2=" ">
    <subfield code="a">Marca tip. sul front. in cornice tip. stampato in rosso e nero. -  La pt. 2 contiene con proprio front.: Reperto d. Bartho. Socini .. -  Segn.: 2a-2h8 2i6 2k-2t8 2v6 3A-3G8 3H10 3I-3K8; A-K8 L6(-L6)</subfield>
  </datafield>
  <datafield tag="620" ind1=" " ind2=" ">
    <subfield code="a">IT</subfield>
    <subfield code="d">Venezia</subfield>
  </datafield>
  <datafield tag="702" ind1=" " ind2="1">
    <subfield code="a">Godemini,</subfield>
    <subfield code="b">Vincenzo</subfield>
    <subfield code="3">IT\ICCU\CNCA\000012</subfield>
  </datafield>
  <datafield tag="712" ind1="0" ind2="2">
    <subfield code="a">℗al segno della ℗Corona</subfield>
    <subfield code="3">IT\ICCU\CNCT\001579</subfield>
    <subfield code="4">650</subfield>
  </datafield>
  <datafield tag="790" ind1=" " ind2="1">
    <subfield code="a">Godeminus,</subfield>
    <subfield code="b">Vincentius</subfield>
    <subfield code="3">IT\ICCU\CNCA\019976</subfield>
    <subfield code="z">Godemini, Vincenzo</subfield>
  </datafield>
  <datafield tag="791" ind1="0" ind2="2">
    <subfield code="a">Societ ̉della Corona</subfield>
    <subfield code="3">IT\ICCU\CNCT\003156</subfield>
    <subfield code="z">℗al segno della ℗Corona</subfield>
  </datafield>
  <datafield tag="801" ind1=" " ind2="3">
    <subfield code="a">IT</subfield>
    <subfield code="b">ICCU</subfield>
    <subfield code="c">20201115</subfield>
  </datafield>
</record>
</collection>
